@book{samek2019explainable,
  title={Explainable AI: interpreting, explaining and visualizing deep learning},
  author={Samek, Wojciech and Montavon, Gr{\'e}goire and Vedaldi, Andrea and Hansen, Lars Kai and M{\"u}ller, Klaus-Robert},
  volume={11700},
  year={2019},
  publisher={Springer Nature}
}

